<?xml version="1.0" encoding="UTF-8"?><collection xmlns="http://www.loc.gov/MARC21/slim"><record><leader>00394nam--2200145-i-4500</leader><controlfield tag="001">000006503</controlfield><controlfield tag="002">20161230</controlfield><controlfield tag="005">20170224003715</controlfield><controlfield tag="008">060222s1000------------r-----000-0-eng-d</controlfield><datafield ind1=" " ind2=" " tag="100"><subfield code="a">Ballif, Jae R</subfield></datafield><datafield ind1=" " ind2=" " tag="245"><subfield code="a">Fabrication and testing of prototype apm-claud uo2 fuel elements</subfield></datafield><datafield ind1=" " ind2=" " tag="260"><subfield code="a">[Washington]</subfield><subfield code="b">U.S.A.E.C</subfield><subfield code="c">F.An</subfield></datafield><datafield ind1=" " ind2=" " tag="300"><subfield code="a">37 p</subfield></datafield><datafield ind1=" " ind2=" " tag="700"><subfield code="a">Gordon, R. B</subfield></datafield><datafield ind1=" " ind2=" " tag="CAT"><subfield code="a">SYS</subfield><subfield code="c">20170224</subfield><subfield code="h">003715</subfield></datafield></record></collection>